<?xml version="1.0" encoding="UTF-8"?>
<record xmlns="http://www.loc.gov/MARC21/slim">
  <leader>01801nam a22002771  4500</leader>
  <controlfield tag="001">3638026</controlfield>
  <controlfield tag="005">20110217141500.0</controlfield>
  <controlfield tag="008">850808s1852    enk           000 0 eng  </controlfield>
  <datafield tag="010" ind1=" " ind2=" ">
    <subfield code="a">   11012540 </subfield>
  </datafield>
  <datafield tag="035" ind1=" " ind2=" ">
    <subfield code="a">3638026</subfield>
  </datafield>
  <datafield tag="035" ind1=" " ind2=" ">
    <subfield code="a">(OCoLC)12363402</subfield>
  </datafield>
  <datafield tag="035" ind1=" " ind2=" ">
    <subfield code="a">ocm12363402</subfield>
  </datafield>
  <datafield tag="040" ind1=" " ind2=" ">
    <subfield code="a">DLC</subfield>
    <subfield code="c">VA@</subfield>
    <subfield code="d">DLC</subfield>
    <subfield code="d">OCLCQ</subfield>
    <subfield code="d">OCLCG</subfield>
  </datafield>
  <datafield tag="049" ind1=" " ind2=" ">
    <subfield code="a">BRLL</subfield>
  </datafield>
  <datafield tag="050" ind1="0" ind2="0">
    <subfield code="a">E449</subfield>
    <subfield code="b">.S8937</subfield>
  </datafield>
  <datafield tag="099" ind1=" " ind2=" ">
    <subfield code="a">5574.54 no.5</subfield>
  </datafield>
  <datafield tag="100" ind1="1" ind2=" ">
    <subfield code="a">Helps, Arthur,</subfield>
    <subfield code="c">Sir,</subfield>
    <subfield code="d">1813-1875.</subfield>
  </datafield>
  <datafield tag="245" ind1="1" ind2="2">
    <subfield code="a">A letter on &quot;Uncle Tom&apos;s cabin.&quot; /</subfield>
    <subfield code="c">By the author of &quot;Friends in council,&quot; &amp;c.</subfield>
  </datafield>
  <datafield tag="246" ind1="1" ind2="0">
    <subfield code="a">Pamphlets. Slavery 1850-60.Vol.III ;</subfield>
    <subfield code="i">no.5</subfield>
  </datafield>
  <datafield tag="260" ind1=" " ind2=" ">
    <subfield code="a">Cambridge, :</subfield>
    <subfield code="b">John Bartlett,</subfield>
    <subfield code="c">1852.</subfield>
  </datafield>
  <datafield tag="300" ind1=" " ind2=" ">
    <subfield code="a">29 p. ;</subfield>
    <subfield code="c">19 cm.</subfield>
  </datafield>
  <datafield tag="590" ind1=" " ind2=" ">
    <subfield code="a">Bound volume contains: 1. Letter of Commodore Stockton on the slavery question / by Robert Field Stockton. -- 2. Speech...delivered at the anti-slavery meeting, Broadmead, Bristol, Sept.4th, 1851 / by George Thompson. -- 3. Some views of freedom and slavery... / by Richard De Charms. -- 4. Speech... in the county convention at Syracuse, October 14, 1851 / by Samuel J. May. -- 5. A letter on &quot;Uncle Tom&apos;s Cabin&quot; / by the author of &quot;Friends in Council&quot;. -- 6. Slavery in the southern states / by Carolinian. -- 7. Slavery in the southern states / by Edward J. Pringle. -- 8. Report of the Twentieth National Anti-Slavery Bazaar. -- 9. Plain statement addressed to all honest democrats / by one of the people. -- 10. (Removed to XH.A856.H47P) -- 11. The &quot;manifest destiny&quot; of the American Union. -- 12. A few remarks upon &quot;Four papers from the Boston Courier&quot;... . -- 13. The Natick Resolution; or resistance to slaveholders... / by Henry C. Wright.</subfield>
  </datafield>
  <datafield tag="600" ind1="1" ind2="0">
    <subfield code="a">Stowe, Harriet Beecher,</subfield>
    <subfield code="d">1811-1896.</subfield>
    <subfield code="t">Uncle Tom&apos;s cabin.</subfield>
  </datafield>
  <datafield tag="650" ind1=" " ind2="0">
    <subfield code="a">Uncle Tom (Fictitious character)</subfield>
  </datafield>
  <datafield tag="650" ind1=" " ind2="0">
    <subfield code="a">Slavery in literature.</subfield>
  </datafield>
  <datafield tag="994" ind1=" " ind2=" ">
    <subfield code="a">C0</subfield>
    <subfield code="b">BRL</subfield>
  </datafield>
</record>
